@article{Dreiss,
author={Dreiss, Am{Ã©}lie and Cote, Julien and Richard, Murielle and Federici, Pierre and Clobert, Jean},
year={2010},
month={02},
pages={356-364},
title={Age- and sex-specific response to population density and sex ratio},
volume={21},
journal={Behavioral Ecology},
doi={10.1093/beheco/arp198},
}

@article{McKenzie,
author={R. D. McKenzie},
year={1924},
month={03},
pages={287-301},
title={The Ecological Approach to the Study of the Human Community},
volume={30},
journal={American Journal of Sociology},
doi={10.2307/2764963},
}

@article{Planchuelo,
author={Planchuelo, Greg and Kowarik, Ingo and Lippe, Moritz},
year={2020},
month={02},
pages={1-12},
title={Endangered Plants in Novel Urban Ecosystems Are Filtered by Strategy Type and Dispersal Syndrome, Not by Spatial Dependence on Natural Remnants},
volume={8},
journal={Frontiers in Ecology and Evolution},
doi={10.3389/fevo.2020.00018},
}

@article{Polis,
author={Polis, Gary A.},
year={1984},
month={04},
page={541-564},
title={Age Structure Component of Niche Width and Intraspecific Resource Partitioning: Can Age Groups Function as Ecological Species?},
volume={123},
journal={The American Naturalist},
doi={10.1086/284221},
}

@article{Tilman,
author={Tilman, David and Knops, Johannes and Wedin, David and Reich, Peter and Ritchie, Mark and Siemann, Evan},
year={1997},
month={08},
pages={1300-1302},
title={The Influence of Functional Diversity and Composition on Ecosystem Processes},
volume={277},
journal={Science},
doi={10.1126/science.277.5330.1300},
}

@article{Winterton,
author={Winterton, Rachel and Warburton, Jeni and Keating, Norah and Petersen, Maree and Berg, Turi and Wilson, J.},
year={2015},
month={12},
pages={320-327},
title={Understanding the influence of community characteristics on wellness for rural older adults: A meta-synthesis},
volume={45},
journal={Journal of Rural Studies},
doi={10.1016/j.jrurstud.2015.12.010},
}
